<?xml version="1.0" encoding="UTF-8"?><collection xmlns="http://www.loc.gov/MARC21/slim"><record><leader>00388nam--2200121-i-4500</leader><controlfield tag="001">000000328</controlfield><controlfield tag="002">20161230</controlfield><controlfield tag="005">20161230201024</controlfield><controlfield tag="008">060222s1000------------r-----000-0-eng-d</controlfield><datafield ind1=" " ind2=" " tag="100"><subfield code="a">Friedlander, Gerhart And Kennedy, Joseph W</subfield></datafield><datafield ind1=" " ind2=" " tag="245"><subfield code="a">Nuclear and radiochemistry.revised version of  introduction to radiochemistry .2-nd printing</subfield></datafield><datafield ind1=" " ind2=" " tag="260"><subfield code="a">New York, John Wiley. Ix + 468 P</subfield></datafield><datafield ind1=" " ind2=" " tag="852"><subfield code="a">12879</subfield></datafield></record></collection>